<?xml version="1.0" encoding="UTF-8"?><collection xmlns="http://www.loc.gov/MARC21/slim"><record><leader>00389nam--2200121-i-4500</leader><controlfield tag="001">000049785</controlfield><controlfield tag="002">20161230</controlfield><controlfield tag="005">20161230201047</controlfield><controlfield tag="008">060222s1000------------r-----000-0-eng-d</controlfield><datafield ind1=" " ind2=" " tag="100"><subfield code="a">Atroshchenko, V.I. I C.I.Kargin</subfield></datafield><datafield ind1=" " ind2=" " tag="245"><subfield code="a">Tehnologiia azotnoi kisloty.... v kachestve ucheb. posobiia dlia tehnologicheskih vuzov i fak</subfield></datafield><datafield ind1=" " ind2=" " tag="260"><subfield code="a">M., L., Goshimizdat, 1949, 376s. + Opechatki</subfield></datafield><datafield ind1=" " ind2=" " tag="852"><subfield code="a">2911</subfield></datafield></record></collection>